<record><leader>00000cas a2200000 a 4500</leader><controlfield tag="001">12742182</controlfield><controlfield tag="008">851031c18669999msuwr ne      0   a0eng d</controlfield><controlfield tag="009">3781</controlfield><datafield ind1=" " ind2=" " tag="010"><subfield code="a">sn 85034370 </subfield></datafield><datafield ind1=" " ind2=" " tag="040"><subfield code="a">NPU</subfield><subfield code="b">eng</subfield><subfield code="c">NPU</subfield><subfield code="d">NSD</subfield><subfield code="d">NPX</subfield><subfield code="d">MSJ</subfield><subfield code="d">NSD</subfield><subfield code="d">OCL</subfield><subfield code="d">KNP</subfield><subfield code="d">OCL</subfield><subfield code="d">OCLCQ</subfield><subfield code="d">STF</subfield><subfield code="d">OCLCO</subfield><subfield code="d">OCLCQ</subfield><subfield code="d">OCLCO</subfield><subfield code="d">OCLCF</subfield></datafield><datafield ind1=" " ind2=" " tag="012"><subfield code="j">0</subfield><subfield code="l">1</subfield><subfield code="m">1</subfield></datafield><datafield ind1="1" ind2=" " tag="022"><subfield code="a">0889-5171</subfield><subfield code="l">0889-5171</subfield><subfield code="2">1</subfield></datafield><datafield ind1="1" ind2=" " tag="029"><subfield code="a">AU@</subfield><subfield code="b">000022168043</subfield></datafield><datafield ind1=" " ind2=" " tag="032"><subfield code="a">004361</subfield><subfield code="b">USPS</subfield></datafield><datafield ind1=" " ind2=" " tag="037"><subfield code="b">The Fayette Chronicle, P.O. Box 536, Fayette, MS 39069</subfield></datafield><datafield ind1=" " ind2=" " tag="042"><subfield code="a">msc</subfield><subfield code="a">nsdp</subfield></datafield><datafield ind1=" " ind2=" " tag="043"><subfield code="a">n-us-ms</subfield></datafield><datafield ind1="0" ind2=" " tag="130"><subfield code="a">Fayette chronicle (Fayette, Miss. : 1866)</subfield></datafield><datafield ind1=" " ind2="4" tag="222"><subfield code="a">The Fayette chronicle</subfield><subfield code="b">(Fayette, Miss.)</subfield></datafield><datafield ind1="1" ind2="4" tag="245"><subfield code="a">The Fayette chronicle.</subfield></datafield><datafield ind1=" " ind2=" " tag="260"><subfield code="a">Fayette, Miss. :</subfield><subfield code="b">F.H. Culley</subfield></datafield><datafield ind1=" " ind2=" " tag="300"><subfield code="a">v.</subfield></datafield><datafield ind1=" " ind2=" " tag="310"><subfield code="a">Weekly</subfield></datafield><datafield ind1="1" ind2=" " tag="362"><subfield code="a">Began in 1866.</subfield><subfield code="z">Cf. Gregory, W. Amer. newspapers.</subfield></datafield><datafield ind1=" " ind2=" " tag="500"><subfield code="a">Publishers: F.H. Culley, &lt;1873-1876&gt;; Creative Communications Corp., &lt;June 12-18, 1986&gt;; Charles B. Sheppherd, June 1988-</subfield></datafield><datafield ind1=" " ind2=" " tag="500"><subfield code="a">Editors: Wm. D. Torrey, &lt;1873&gt;; R.H. Truly, &lt;1876&gt;.</subfield></datafield><datafield ind1=" " ind2=" " tag="515"><subfield code="a">Suspended publication in 1987.</subfield></datafield><datafield ind1=" " ind2=" " tag="588"><subfield code="a">Latest issue consulted: Vol. 125, no. 30 (Thursday, July 23, 1992) (surrogate).</subfield></datafield><datafield ind1=" " ind2="0" tag="651"><subfield code="a">Fayette (Miss.)</subfield><subfield code="v">Newspapers.</subfield></datafield><datafield ind1=" " ind2="0" tag="651"><subfield code="a">Jefferson County (Miss.)</subfield><subfield code="v">Newspapers.</subfield></datafield><datafield ind1=" " ind2="7" tag="655"><subfield code="a">Newspapers.</subfield><subfield code="2">fast</subfield><subfield code="0">(OCoLC)fst01423814</subfield></datafield><datafield ind1=" " ind2="7" tag="651"><subfield code="a">Mississippi</subfield><subfield code="z">Fayette.</subfield><subfield code="2">fast</subfield><subfield code="0">(OCoLC)fst01289916</subfield></datafield><datafield ind1=" " ind2="7" tag="651"><subfield code="a">Mississippi</subfield><subfield code="z">Jefferson County.</subfield><subfield code="2">fast</subfield><subfield code="0">(OCoLC)fst01221881</subfield></datafield><datafield ind1=" " ind2=" " tag="752"><subfield code="a">United States</subfield><subfield code="b">Mississippi</subfield><subfield code="c">Jefferson</subfield><subfield code="d">Fayette.</subfield></datafield><datafield ind1="0" ind2="5" tag="780"><subfield code="t">Jefferson County chronicle</subfield><subfield code="w">(DLC)sn 87008338</subfield><subfield code="w">(OCoLC)15492871</subfield></datafield></record>